%FLP
@article{tabkhi2016function,
  title="{Function-Level Processor (FLP): A Novel Processor Class for Efficient Processing of Streaming Applications}",
  author={Tabkhi, Hamed and Bushey, Robert and Schirner, Gunar},
  journal={Journal of Signal Processing Systems},
  volume={85},
  number={3},
  pages={287--306},
  year={2016},
  publisher={Springer}
}
@article{tabkhi2014function,
  title={{Function-level processor (FLP)}: a high performance, minimal bandwidth, low power architecture for market-oriented {MPSoCs}},
  author={Tabkhi, H. and Bushey, R. and Schirner, G.},
  journal={IEEE Embedded Systems Letters},
  volume={6},
  number={4},
  pages={65--68},
  year={2014}
}
@article{nowatzki2017domain,
  title={Domain specialization is generally unnecessary for accelerators},
  author={Nowatzki, T. and Gangadhar, V. and Sankaralingam, K. and Wright, G.},
  journal={IEEE Micro},
  volume={37},
  number={3},
  pages={40--50},
  year={2017},
  publisher={IEEE}
}

%DSS
@inproceedings{zhang2018ds,
  title={{DS-DSE: Domain-Specific Design Space Exploration for Streaming Applications}},
  author={Zhang, J. and Tabkhi, H. and Schirner, G.},
  booktitle={Design, Automation \& Test in Europe Conference \& Exhibition (DATE)},
  pages={165--170},
  year={2018},
  address={Dresden, Germany}
}


%Heterogeneous Plat
@inproceedings{melpignano2012platform,
  title={Platform 2012, a many-core computing accelerator for embedded SoCs: performance evaluation of visual analytics applications},
  author={Melpignano, Diego and Benini, Luca and Flamand, Eric and Jego, Bruno and Lepley, Thierry and Haugou, Germain and Clermidy, Fabien and Dutoit, Denis},
  booktitle={Proceedings of the 49th Annual Design Automation Conference},
  pages={1137--1142},
  year={2012},
  organization={ACM}
}

%TPU
@article{jouppi2017datacenter,
  title={In-datacenter performance analysis of a tensor processing unit},
  author={Jouppi, Norman P and Young, Cliff and Patil, Nishant and Patterson, David and Agrawal, Gaurav and Bajwa, Raminder and Bates, Sarah and Bhatia, Suresh and Boden, Nan and Borchers, Al and others},
  journal={arXiv preprint arXiv:1704.04760},
  year={2017}
}

%ACC-Rich
@inproceedings{cong2014accelerator,
  title = {Accelerator-rich architectures: Opportunities and progresses},
  author = {Cong, J. and Ghodrat, M.A. and Gill, M. and Grigorian, B. and Gururaj, K. and Reinman, G.},
  booktitle = {Design Automation Conference (DAC)},
  pages = {180:1--180:6},
  year={2014}
}

%Streaming Energy Efficiency
@article{zhou2013energy,
  title={Energy-spectrum efficiency tradeoff for video streaming over mobile ad hoc networks},
  author={Zhou, Liang and Hu, Rose Qingyang and Qian, Yi and Chen, Hsiao-Hwa},
  journal={IEEE Journal on Selected Areas in Communications},
  volume={31},
  number={5},
  pages={981--991},
  year={2013},
  publisher={IEEE}
}

%HWACCs NOC
@inproceedings{teimouri2016improving,
    title = {Improving scalability of {CMPs} with dense {ACCs} coverage},
	author = {Teimouri, N. and Tabkhi, H. and Schirner, G.},
    booktitle = {Design, Automation \& Test in Europe Conference \& Exhibition (DATE)},
    pages = {1610--1615},
    year = {2016}
}

@conference {Teimouri_DAC_2015,
	title = {{Revisiting Accelerator-Based CMPs: Challenges and Solutions}},
	author = {Teimouri, N. and Tabkhi, H. and Schirner, G.},
	booktitle = {Design Automation Conference (DAC)},
	page = {84:1--84:6},
	year = {2015},
	month = {06}
}

@ARTICLE{Teimouri_TCAD_2018, 
    author={N. Teimouri and H. Tabkhi and G. Schirner}, 
    journal={IEEE Transactions on Computer-Aided Design of Integrated Circuits and Systems}, 
    title={Alleviating Scalability Limitation of Accelerator-based Platforms}, 
    year={2018}, 
    volume={}, 
    number={}, 
    pages={1-1}, 
    keywords={Computer architecture;Scalability;Synchronization;Acceleration;Fabrics;Process control;Semantics;ACMP;ACC;Scalability;ACC Communication Overhead;ACC Communication Semantics;ACC Computation Coverage;Transparent Self-Synchronizing ACCelerators (TSS).}, 
    doi={10.1109/TCAD.2018.2846632}, 
    ISSN={0278-0070}, 
    month={},
}


%Related Work

%GA elitist
@inproceedings{quan2014towards,
  title={{Towards exploring vast MPSoC mapping design spaces using a bias-elitist evolutionary approach}},
  author={Quan, W. and Pimentel, A.D.},
  booktitle={Digital System Design (DSD)},
  pages={655--658},
  year={2014}
}
%SA
@article{liang2013hardware,
  title={Hardware/software partitioning based on greedy algorithm and simulated annealing algorithm},
  author={Liang, Z. and Cheng, X. and Zheng, T. and Tao, L.},
  journal={J. Comput. Appl},
  volume={7},
  pages={030},
  year={2013}
}
%tabu
@article{wu2013efficient,
  title={Efficient heuristic and tabu search for hardware/software partitioning},
  author={Wu, J. and Wang, P. and Lam, S. and Srikanthan, T.},
  journal={The Journal of Supercomputing},
  volume={66},
  number={1},
  pages={118--134},
  year={2013}
}
%Greedy
@inproceedings{tang2015hardware,
  title={{Hardware/software partitioning of embedded System-on-Chip applications}},
  author={Tang, J. and Hau, Y. Wen and Marsono, M.N.},
  booktitle={Very Large Scale Integration (VLSI-SoC)},
  pages={331--336},
  year={2015}
}

%Platform-based Design
@inproceedings{graf2014multi,
  title={Multi-variant-based design space exploration for automotive embedded systems},
  author={Graf, S. and Gla{\ss}, M. and Teich, J. and Lauer, C.},
  booktitle={Design, Automation and Test in Europe Conference and Exhibition (DATE)},
  pages={1--6},
  year={2014}
}
@inproceedings{gladigau2010system,
  title={A system-level synthesis approach from formal application models to generic bus-based mpsocs},
  author={Gladigau, J. and Gerstlauer, A. and Haubelt, C. and Streub{\"u}hr, M. and Teich, J.},
  booktitle={Embedded Computer Systems (SAMOS)},
  pages={118--125},
  year={2010}
}
%multi-mode design flow
@inproceedings{wildermann2011operational,
  title={Operational mode exploration for reconfigurable systems with multiple applications},
  author={Wildermann, S. and Reimann, F. and Teich, J. and Salcic, Z.},
  booktitle={Field-Programmable Technology (FPT)},
  pages={1--8},
  year={2011}
}


%OpenVX
@article{khronos2017openvx,
  title={{The OpenVX Specification v1.1}},
  author={Khronos Vision Working Group and others},
  journal={Web: https://www. khronos. org/registry/OpenVX/specs/1.1/OpenVX\_Specification\_1\_1. pdf},
  year={2017}
}

@misc{Intel,
  title={{Beta for Intel Computer Vision SDK (Intel CV SDK) Support}},
  author={Intel},
  howpublished={\url{https://software.intel.com/en-us/computer-vision-sdk-support/code-samples}},
  year={2017},
  note={Accessed: 2017-09-12}
}

@misc{AMD,
  title= {{AMD OpenVX (AMDOVX)}},
  author={AMD},
  howpublished={\url{http://gpuopen.com/compute-product/amd-openvx/}},
  year={2018},
  note={Accessed: 2018-02-14}
}

@misc{NVIDIA,
  title= {{Embedded Systems Developer Kits, Modules, SDKs - NVIDIA Jetson}},
  author={NVIDIA},
  howpublished={\url{https://www.nvidia.com/en-us/autonomous-machines/embedded-systems-dev-kits-modules/?section=jetsonTX1}},
  year={2018},
  note={Accessed: 2018-11-14}
}

% Energy Consumption
@article{keckler2011gpus,
  title={GPUs and the future of parallel computing},
  author={Keckler, S.W. and Dally, W.J. and Khailany, B. and Garland, M. and Glasco, D.},
  journal={IEEE Micro},
  number={5},
  pages={7--17},
  year={2011},
  publisher={IEEE}
}
@inproceedings{malladi2012towards,
  title={Towards energy-proportional datacenter memory with mobile DRAM},
  author={Malladi, K.T and Nothaft, F.A. and Periyathambi, K. and Lee, B.C. and Kozyrakis, C. and Horowitz, M.},
  booktitle={Computer Architecture (ISCA), 2012 39th Annual International Symposium on},
  pages={37--48},
  year={2012},
  organization={IEEE}
}